<?xml version="1.0" encoding="UTF-8"?><collection xmlns="http://www.loc.gov/MARC21/slim"><record><leader>00369nam--2200133-i-4500</leader><controlfield tag="001">000004468</controlfield><controlfield tag="002">20161230</controlfield><controlfield tag="005">20161230201025</controlfield><controlfield tag="008">060222s1000------------r-----000-0-eng-d</controlfield><datafield ind1=" " ind2=" " tag="080"><subfield code="a">624</subfield></datafield><datafield ind1=" " ind2=" " tag="100"><subfield code="a">Andrei, S.Si Giurcaneanu, D</subfield></datafield><datafield ind1=" " ind2=" " tag="245"><subfield code="a">Constructii de cladiri. i: elemente de geo- tehnica si fundatii</subfield></datafield><datafield ind1=" " ind2=" " tag="260"><subfield code="a">Bucuresti, Editura Tehnica, 1956 259 P</subfield></datafield><datafield ind1=" " ind2=" " tag="852"><subfield code="a">5967</subfield></datafield></record></collection>